@article{21,
  title = {Fast Greeks by algorithmic differentiation},
  author = {Luca Capriotti},
  journal = {The Journal of Computational Finance},
  volume = {Volume 14},
  year = {2011},
  url={http://www.luca-capriotti.net/pdfs/Finance/jcf_capriotti_press_web.pdf},
}

@article{22,
  title = {Fast Correlation Greeks by Adjoint Algorithmic Differentiation},
  author = {Luca Capriotti and Mike Giles},
  year = {2018},
  url={https://arxiv.org/abs/1004.1855v1},
}
